2428 4192
762 438 917 524 'ss

71 626 109 672 so
130 619 221 672 certe
240 607 397 686 primatia
419 619 453 668 et
477 607 614 670 omnino
637 606 800 669 diversam
823 611 1002 688 vegetatio·

71 704 124 758 nis
143 693 290 754 indolem
328 692 544 755 determinat.
589 693 818 753 Elementares
842 695 1001 760 dicuntur

72 783 129 860 qui
150 779 296 842 fructum
315 798 379 837 non
406 779 588 856 explicant.

155 995 184 1042 c.
235 971 374 1050 Quando
396 992 413 1030 a
438 972 548 1050 fungis
571 971 611 1029 ad
637 971 734 1048 Algae
757 975 998 1054 progredimuq

75 1055 269 1121 Licbenosae
293 1055 432 1136 Phyceis
455 1053 705 1134 anteponendas.
752 1057 817 1116 Ubi
848 1079 924 1117 vero
952 1062 1004 1120 via

78 1146 209 1203 inversa
232 1143 318 1218 Algae
339 1159 458 1219 agmen
481 1139 621 1218 ducunt,
666 1137 830 1202 Licheuea
854 1143 995 1224 Phyceis

78 1241 156 1288 suut
175 1225 408 1307 postponendi.

95 1403 98 1418 ⁸
160 1419 189 1480 d·
239 1417 324 1480 Cum
365 1401 474 1478 iderti
499 1419 656 1496 Algarum
688 1371 901 1479 ¹Linnaeanarn
929 1374 1000 1480 'anri

72 1503 163 1582 pleni
188 1507 301 1573 limus,
343 1517 468 1562 nemen
490 1508 589 1563 etiam
613 1523 713 1564 sensu
738 1504 912 1564 Linnrano
929 1503 1000 1580 ‘serf
1109 1538 1111 1547 ·

74 1587 231 1650 randum.
278 1586 376 1664 Algae
412 1587 595 1646 submersas
618 1591 804 1649 accuratius
832 1585 1003 1668 ‘l’byceas

72 1674 95 1732 l.
123 1671 386 1753 Hydrophyceas
413 1691 511 1751 quam
533 1673 780 1754 Hydsophyla‚
806 1672 1006 1737 Thullassiue

74 1757 189 1836 phyma,
217 1758 399 1816 Oceauides
442 1769 503 1816 stc.
537 1761 625 1831 dici‚·
650 1778 768 1820 vocum
792 1761 1003 1836 significatio,

74 1859 147 1918 quaa
170 1845 202 1902 in
227 1841 276 1901 his
301 1843 398 1902 latior
420 1844 471 1904 rel
494 1847 677 1922 angustior,
701 1856 855 1906 sectatur.
878 1879 881 1887 =

155 1999 186 2102 θ’.
232 2023 391 2097 ll'ationes
429 2037 596 2099 ultaiioris
640 2039 892 2114 subdivisionis,
923 2042 1005 2117 'que

70 2119 184 2179 saltim
207 2121 294 2181 inter
318 2119 467 2200 Phyceas
489 2143 555 2181 non
584 2143 675 2200 oeque
701 2124 803 2183 facila
829 2135 926 2200 atque
952 2129 1006 2181 in·
1051 2167 1055 2181 .

74 2217 130 2265 ter
156 2206 286 2284 Fungar
305 2205 447 2282 liquent.
472 2210 758 2269 omninodiversas
780 2209 916 2266 laudarit
944 2213 1008 2269 llu-

73 2301 190 2350 ctores.
240 2289 486 2362 aliirlrallum.
533 2292 778 2354 alii·fructurn
818 2291 1000 2355 celebrant.

72 2374 182 2435 Illum
204 2387 300 2434 notas
327 2375 472 2432 maxima
494 2378 696 2442 essentiales.
735 2377 791 2436 aed
815 2390 849 2436 es
866 2381 1002 2453 paucio·

74 2477 130 2518 res
155 2460 287 2531 offerre,
313 2476 409 2536 supra
433 2457 499 2534 jam
522 2462 666 2520 vidimus
690 2473 722 2518 et
745 2481 820 2520 cum
842 2462 918 2521 illas
941 2464 1008 2537 jam
1101 2467 1112 2489 ⁸

74 2545 113 2603 in
135 2545 307 2602 ordinibus
325 2543 839 2622 distinguendisadhibuerimus,
860 2545 1009 2604 fructum

74 2630 144 2686 sira
158 2629 401 2704 multiplicandi
422 2630 557 2689 modum
574 2633 606 2688 in
621 2631 835 2709 dispositione
851 2623 1009 2691 secunda·

74 2717 125 2772 ria
169 2713 190 2773 l.
227 2714 463 2773 subordinibus
500 2718 724 2793 respiciamus.
768 2719 844 2778 Non
885 2717 1009 2796 ubique
1081 2709 1085 2726 ’

75 2796 347 2876 idemlorganon,
394 2801 583 2877 aed·potius
626 2806 736 2874 omitia
764 2804 928 2877 respicere
958 2815 1009 2861 est

76 2883 271 2962 Syrtematir
317 2883 501 2952 Naturalis.
549 2888 592 2945 ita
624 2907 702 2946 vero
738 2897 775 2946 ut
805 2886 1009 2949 nobilissima
1112 2930 1120 2952 .

79 2965 332 3045 dispositionem
357 2970 568 3042 primariam,
591 2971 754 3031 inferiora
778 2971 1011 3034 secundariam
1088 3015 1092 3022 -

80 3064 150 3110 eto.
204 3051 449 3114 determinent.
509 3055 603 3130 Apud
642 3058 736 3136 Algos
772 3055 1011 3132 elementares,

79 3137 257 3216 Byrsaceas
280 3147 315 3193 et
339 3135 542 3206 Diatomeas.
563 3141 675 3201 fructu
699 3159 777 3201 cum
798 3137 904 3200 thallo
927 3161 1010 3200 corr.

78 3219 165 3298 fuso,
188 3217 234 3282 hre
257 3219 454 3296 disponendi
475 3224 620 3281 rationes
640 3226 710 3286 fere
733 3225 919 3292 confluunt,
957 3235 1011 3282 ta·

80 3323 163 3366 men
202 3303 439 3385 multiplicatio
470 3310 686 3384 potissimum
713 3312 918 3388 respicietur.
964 3309 1008 3368 Et

80 3392 108 3446 si
131 3389 304 3466 dispositio
325 3389 368 3446 sit
391 3403 486 3448 acuta
507 3405 542 3450 et
562 3407 660 3469 certo,
683 3396 785 3454 ctiam
813 3395 848 3453 in
871 3391 1010 3470 reliquis

79 3491 100 3532 a
129 3471 393 3534 fructificatione
414 3478 584 3538 sumenda.
684 3549 687 3554 .
719 3519 730 3549 ..

117 3631 140 3683 ,ἃ
158 3585 185 3653 l.
238 3565 346 3650 Ornne
368 3607 473 3671 genus
495 3592 715 3684 originarium
744 3597 836 3656 intes
881 3591 1012 3673 Fungar

422 3839 430 3870 1
